<?xml version="1.0" encoding="UTF-8"?><collection xmlns="http://www.loc.gov/MARC21/slim"><record><leader>00540nam--2200193-i-4500</leader><controlfield tag="001">000018184</controlfield><controlfield tag="002">20161230</controlfield><controlfield tag="005">20161230201032</controlfield><controlfield tag="008">060222s1000------------r-----000-0-eng-d</controlfield><datafield ind1=" " ind2=" " tag="040"><subfield code="a">IFIN-HH</subfield></datafield><datafield ind1=" " ind2=" " tag="080"><subfield code="a">519.24:001.891</subfield></datafield><datafield ind1="1" ind2=" " tag="100"><subfield code="a">Fisher, Ronald A</subfield></datafield><datafield ind1="1" ind2="0" tag="245"><subfield code="a">Statistical methods for research workers</subfield><subfield code="c">Ronald a fisher</subfield></datafield><datafield ind1=" " ind2=" " tag="250"><subfield code="a">13-th Edition Revised</subfield></datafield><datafield ind1=" " ind2=" " tag="260"><subfield code="a">London</subfield><subfield code="b">Oliver And Boyd</subfield><subfield code="c">1958</subfield></datafield><datafield ind1=" " ind2=" " tag="300"><subfield code="a">XV + 356 P</subfield></datafield><datafield ind1=" " ind2=" " tag="490"><subfield code="a">Biological Monographs And Manuals</subfield></datafield><datafield ind1=" " ind2=" " tag="852"><subfield code="a">13468</subfield><subfield code="c">519.24</subfield></datafield><datafield ind1=" " ind2=" " tag="CAT"><subfield code="a">Sys</subfield><subfield code="c">20130801</subfield><subfield code="h">181359</subfield></datafield></record></collection>